@book{saha2010robotics,
	author    = {Subir Kumar Saha},
	title     = {Introducción a la robótica},
	year      = {2010},
	publisher = {McGraw-Hill/Interamericana Editores, S.A. de C.V.},
	address   = {México, D.F.},
	translator = {Thomas W. Bartenbach},
	isbn      = {978-607-15-0313-8},
}
@book{barrientos2007fundamentos,
	author    = {Antonio Barrientos and Luis Felipe Peñín and Carlos Balaguer and Rafael Aracil},
	title     = {Fundamentos de Robótica},
	edition   = {2},
	year      = {2007},
	publisher = {McGraw-Hill/Interamericana de España, S.A.U.},
	address   = {Madrid, España},
	isbn      = {978-84-481-5636-7},
}
@book{corke2023robotics,
	author    = {Peter Corke},
	title     = {Robotics, Vision and Control: Fundamental Algorithms in Python},
	year      = {2023},
	edition   = {3},
	publisher = {Springer},
	isbn      = {978-3-031-06468-5},
	doi       = {10.1007/978-3-031-06469-2},
}
@book{reyes2011matlab,
	author    = {Fernando Reyes Cortés},
	title     = {{MATLAB} Aplicado a Robótica y Mecatrónica},
	year      = {2012},
	publisher = {Alfaomega Grupo Editor},
	address   = {México, D.F.},
	isbn      = {978-607-707-357-4},
}
@online{Sensordeposición,
	author    = {KEYENCE},
	title     = {Principio y tipos de sensores de posicionamiento de contacto},
	year      = {2025},
	url       = {https://www.keyence.com.mx/ss/products/sensor/sensorbasics/contact/principles/},
	note      = {Accedido: 19 de febrero de 2025}
}
@online{EfectoHall,
	author    = {ARROW},
	title     = {Resumen del producto: Sensores de efecto Hall},
	year      = {2015},
	url       = {https://www.arrow.com/es-mx/research-and-events/articles/product-roundup-hall-effect-sensors},
	note      = {Accedido: 19 de febrero de 2025}
}
@online{Aceleración,
	author    = {Baumer},
	title     = {Funcionamiento de sensores de fuerza},
	year      = {2025},
	url       = {https://www.baumer.com/int/es/service-support/funcionamiento/funcionamiento-de-sensores-de-fuerza/a/Know-how_function_force_sensor},
	note      = {Accedido: 19 de febrero de 2025}
}
@online{Hall,
	author    = {Electricity - Magnetism},
	title     = {¿Cómo Funciona un Sensor de Efecto Hall?},
	year      = {2025},
	url       = {https://www.electricity-magnetism.org/es/como-funciona-un-sensor-de-efecto-hall/},
	note      = {Accedido: 15 de febrero de 2025}
}
@online{Prox,
	author    = {Alberto Brunete},
	title     = {Sensores industriales},
	year      = {2025},
	url       = {https://bookdown.org/alberto_brunete/intro_automatica/sensores-industriales.html/},
	note      = {Accedido: 16 de febrero de 2025}
}
@online{EHall,
	author    = {Rodrigo Salas Moyano},
	title     = {Sensores de efecto Hall},
	year      = {2025},
	url       = {https://mecanicaparatodosblog.wordpress.com/2022/04/05/sensores-de-efecto-hall/ },
	note      = {Accedido: 16 de febrero de 2025}
}
@online{microo,
	author    = {Tosunlux},
	title     = {La guía completa del sensor de microondas},
	year      = {2023},
	url       = {https://www.tosunlux.eu/es/blog/the-complete-guide-to-microwave-sensor/},
	note      = {Accedido: 16 de febrero de 2025}
}
@online{ultrason,
	author    = {Solectro},
	title     = {¿Cómo funciona el sensor de ultrasonidos medidor de distancia? },
	year      = {2025},
	url       = {https://solectroshop.com/es/blog/como-funciona-el-sensor-de-ultrasonidos-medidor-de-distancia--n99},
	note      = {Accedido: 16 de febrero de 2025}
}
@online{Slaser,
	author    = {Wenglor},
	title     = {Tecnología de sensores láser para la medición de distancias},
	year      = {2025},
	url       = {https://www.wenglor.com/es/Tecnologia-de-sensores-laser-para-la-medicion-de-distancias/s/Technologie+von+Lasersensoren+zur+Distanzmessung?LaserdistanzsensorenBranchenLinks=%3A1&LaserdistanzsensorenBranchenRechts=%3A1&ErklrungGenauigkeitmitBerechnung=%3A1},
	note      = {Accedido: 16 de febrero de 2025}
}
@online{Svision,
	author    = {Mercè Bruned},
	title     = {Detección y medición sin contacto},
	year      = {2010},
	url       = {https://measurecontrol.com/deteccion-y-medicion-sin-contacto-parte-i/},
	note      = {Accedido: 16 de febrero de 2025}
}
@online{Galgas,
	author    = {Zemic Europe},
	title     = {¿Qué es una galga extensiométrica y qué distintos tipos de galgas extensiométricas hay?},
	year      = {2024},
	url       = {https://www.zemiceurope.com/es/galgas-extensometricas},
	note      = {Accedido: 16 de febrero de 2025}
}
@online{Efecto_Hall,
	author    = {Mario Arciga},
	title     = {¿Cómo funciona un interruptor de efecto Hall?},
	year      = {2023},
	url       = {https://es.quora.com/Cómo-funciona-un-interruptor-de-efecto-Hall},
	note      = {Accedido: 16 de febrero de 2025}
}
@online{GalgasImagen,
	author    = {Simplemente MideBien},
	title     = {Galga Extensiométrica LD20 de HBM - Mide grandes deformaciones},
	year      = {2020},
	url       = {https://midebien.com/wp-content/uploads/2019/06/galga-extensiometrica-LD20-HBM.jpg},
	note      = {Accedido: 16 de febrero de 2025}
}
@online{Piezoelectrico,
	author    = {THIDO Electrónica},
	title     = {Sensor Piezoelectrico Buzzer 15mm Arduino sensor de vibracion, golpe o sonido 0-5vdc},
	year      = {2024},
	url       = {https://www.google.com/url?sa=i&url=https%3A%2F%2Felectronicathido.com%2FdetallesProducto.php%3Fid%3DOS9xaFJkMDNVbGtxdlJYU2lON2toQT09&psig=AOvVaw26tkx4HD5ImlqTTDM8lWjH&ust=1739837009896000&source=images&cd=vfe&opi=89978449&ved=0CBQQjRxqFwoTCPjJqIq0yYsDFQAAAAAdAAAAABA3},
	note      = {Accedido: 16 de febrero de 2025}
}
@online{InterruptoresLimite,
	author    = {SDI},
	title     = {Qué son y para qué sirven los interruptores de límite},
	year      = {2022},
	url       = {https://sdindustrial.com.mx/blog/interruptores-de-limite-que-son/},
	note      = {Accedido: 16 de febrero de 2025}
}
@online{InterruptoresdeLimite,
	author    = {Control e Instrumentación Industrial},
	title     = {INTERRUPTORES DE LIMITE},
	year      = {2015},
	url       = {https://ceiisa.blogspot.com/2015/05/interruptores-de-final-de-carrera-limit.html},
	note      = {Accedido: 19 de febrero de 2025}
}
@online{Neumático,
	author    = {HERGA},
	title     = {¿Qué es un interruptor neumático?},
	year      = {2020},
	url       = {https://www-herga-com.translate.goog/news-media/technical-blog-archive/what-is-a-pneumatic-switch-?_x_tr_sl=en&_x_tr_tl=es&_x_tr_hl=es&_x_tr_pto=rq},
	note      = {Accedido: 16 de febrero de 2025}
}
@online{InterruptorNeumático,
	author    = {Grainger México},
	title     = {Interruptor Neumático,Al 3-7/16 pulg.},
	year      = {2025},
	url       = {https://static.grainger.com/rp/s/is/image/Grainger/3UC34-A3020-1_v2?$glgmain$},
	note      = {Accedido: 16 de febrero de 2025}
}
@online{SensoresPiezoelectricos,
	author    = {Industrias GSL},
	title     = {Sensor piezoeléctrico},
	year      = {2022},
	url       = {https://industriasgsl.com/blogs/automatizacion/sensor-piezoelectrico?srsltid=AfmBOorA5sGgeIVUKlXUTtX_B63XIE7agTPzmFqJkHBuykBYL8zpc9EW},
	note      = {Accedido: 16 de febrero de 2025}
}
@online{InterruptorPiezoeléctrico,
	author    = {Langir Electrics},
	title     = {Interruptores piezoeléctricos para la limpieza de la industria médica},
	year      = {2024},
	url       = {https://ehpruexzv8r.exactdn.com/wp-content/uploads/2019/04/25mm-piezo-switches-ring-green.jpg?strip=all&lossy=1&ssl=1},
	note      = {Accedido: 16 de febrero de 2025}
}
@online{TransductorPresión,
	author    = {JM Industrial},
	title     = {¿Dónde se usan los Transductores de Presión?},
	year      = {2025},
	url       = {https://www.jmi.com.mx/donde-se-usan-los-transductores-de-presion/},
	note      = {Accedido: 16 de febrero de 2025}
}
@online{Presión,
	author    = {GRM},
	title     = {TRANSDUCTOR DE PRESIÓN INDUSTRIAL},
	year      = {2023},
	url       = {https://www.google.com/url?sa=i&url=https%3A%2F%2Fwww.grm.com.es%2Fes%2Fproducto%2Finstrumentacion%2Fpresion-instrumentacion%2Findicador-de-presion-digital%2Ftransductor-de-presion-industrial%2F&psig=AOvVaw0HjXJaYO2_aONlp3rClLWC&ust=1739857261517000&source=images&cd=vfe&opi=89978449&ved=0CBcQjhxqFwoTCJCv-ML_yYsDFQAAAAAdAAAAABAE},
	note      = {Accedido: 16 de febrero de 2025}
}
@online{Giroscopio,
	author    = {Javier Romero},
	title     = {¿Qué es un Giroscopio?},
	year      = {2022},
	url       = {https://www.geeknetic.es/Giroscopio/que-es-y-para-que-sirve},
	note      = {Accedido: 17 de febrero de 2025}
}
@online{GiroscopioImagen,
	author    = {Julián Pérez},
	title     = {Giroscopio - Qué es, importancia, definición y concepto.},
	year      = {2021},
	url       = {https://definicion.de/wp-content/uploads/2021/08/giroscopio.jpg},
}
@online{Acelerómetro,
	author    = {Carlos Collantes Rivero},
	title     = {Sensores de vibración MEMS},
	year      = {2018},
	url       = {https://power-mi.com/es/content/sensores-de-vibración-mems-0/}
	note      = {Accedido: 23 de febrero de 2025},
}
@online{Magnetómetro,
	author    = {Jose Miguel Garcia Martin},
	title     = {Representación esquemática del magnetómetro de inducción},
	year      = {2003},
	url       = {https://www.researchgate.net/publication/39157569_Nanohilos_y_microtubos_magneticos_fabricados_por_electrodeposicion_y_caracterizados_mediante_microscopia_de_fuerzas_magneticas}
	note      = {Accedido: 23 de febrero de 2025},,
}
@online{LiDAR,
	author    = {Christoph Zauner},
	title     = {LiDAR},
	year      = {2023},
	url       = {https://www.md-elektronik.com/es/lidar/},
}
@online{LiDARImagen,
	author    = {Yellow Scan},
	title     = {¿Cómo funciona el LiDAR?},
	year      = {2023},
	url       = {https://www.yellowscan.com/es/knowledge/how-does-lidar-work/},
	note      = {Accedido: 23 de febrero de 2025},
}
@online{SYSCOMBlog,
	author    = {SYSCOM},
	title     = {Sensor de Microondas vs. Fotoeléctrico},
	year      = {2017},
	url       = {https://www.syscomblog.com/2017/01/sensor-de-microondas-vs-fotoelectrico.html},
}
@online{microsonic,
	author    = {microsonic},
	title     = {Sensores ultrasónicos},
	year      = {2021},
	url       = {https://www.microsonic.de/es/suporte/ultrasonic-tecnolog%C3%ADa/modos-de-operaci%C3%B3n.htm},
}
@online{OMCH,
	author    = {niu feng},
	title     = {Sensor láser de distancia},
	year      = {2021},
	url       = {https://www.omchsmps.com/es/laser-distance-sensor/},
}
@online{COGNEX,
	author    = {COGNEX},
	title     = {Componentes de los sensores de visión},
	year      = {2022},
	url       = {https://www.cognex.com/es-mx/what-is/vision-sensors/components},
}
@online{NeumaticoFuncion,
	author    = {JOFLOC},
	title     = {Tipos de interruptores neumaticos},
	year      = {2009},
	url       = {https://www.youtube.com/watch?v=AksX5YAbmUo},
	note      = {Accedido: 23 de febrero de 2025}
}
@online{SensorFuncion,
	author    = {Control},
	title     = {¿CÓMO FUNCIONA UN SENSOR PIEZOELÉCTRICO?},
	year      = {2023},
	url       = {https://es.linkedin.com/posts/controlmas_cómo-funciona-un-sensor-piezoeléctrico-activity-6980565037857792000-NkUG},
	note      = {Accedido: 23 de febrero de 2025}
}