%BIBLIOGRAFÍA
@online{ros2-understanding-topics,
	title        = {Understanding ROS2 Topics},
	author       = {{ROS 2 Documentation Team}},
	year         = {2025},
	url          = {https://docs.ros.org/en/humble/Tutorials/Beginner-CLI-Tools/Understanding-ROS2-Topics/Understanding-ROS2-Topics.html},
	organization = {ROS 2 Documentation},
	note         = {[Online; accessed 21-May-2025]}
}

@online{medinagl_robotica,
	author       = {Medina Gil Lamadrid, Jesús Iván},
	title        = {{Robotica}: Código fuente del proyecto de robótica},
	year         = {2025},
	url          = {https://github.com/IvanMedinaGL/Robotica.git},
	organization = {GitHub},
	note         = {[código en línea; consultado 21-May-2025]}
}
@book{siciliano2010robotics,
	title={Robotics: Modelling, Planning and Control},
	author={Siciliano, Bruno and Sciavicco, Lorenzo and Villani, Luigi and Oriolo, Giuseppe},
	year={2010},
	publisher={Springer}
}

@book{Pearson_robot,
	title={Introduction to Robotics: Mechanics and Control},
	author={Craig, John J.},
	edition={3rd},
	year={2005},
	publisher={Pearson Prentice Hall}
}

@book{Spong_robot_modeling,
	title={Robot Modeling and Control},
	author={Spong, Mark W. and Hutchinson, Seth and Vidyasagar, M.},
	year={2006},
	publisher={John Wiley \& Sons}
}
@book{Barrientos_fundamentos_robotica,
	title     = {Fundamentos de Robótica},
	author    = {Barrientos, Antonio and Peñín, Luis Felipe and Balaguer, Carlos and Aracil, Rafael},
	edition   = {2},
	year      = {2007},
	publisher = {McGraw-Hill},
	address   = {Madrid, España},
}
@book{saha2010,
	author    = {Subir Kumar Saha},
	title     = {Introducción a la Robótica},
	year      = {2010},
	publisher = {McGraw-Hill}
}
