@book{saha2010robotics,
	author    = {Subir Kumar Saha},
	title     = {Introducción a la robótica},
	year      = {2010},
	publisher = {McGraw-Hill/Interamericana Editores, S.A. de C.V.},
	address   = {México, D.F.},
	translator = {Thomas W. Bartenbach},
	isbn      = {978-607-15-0313-8},
}
@book{barrientos2007fundamentos,
	author    = {Antonio Barrientos and Luis Felipe Peñín and Carlos Balaguer and Rafael Aracil},
	title     = {Fundamentos de Robótica},
	edition   = {2},
	year      = {2007},
	publisher = {McGraw-Hill/Interamericana de España, S.A.U.},
	address   = {Madrid, España},
	isbn      = {978-84-481-5636-7},
}
@book{corke2023robotics,
	author    = {Peter Corke},
	title     = {Robotics, Vision and Control: Fundamental Algorithms in Python},
	year      = {2023},
	edition   = {3},
	publisher = {Springer},
	isbn      = {978-3-031-06468-5},
	doi       = {10.1007/978-3-031-06469-2},
}
@book{reyes2011matlab,
	author    = {Fernando Reyes Cortés},
	title     = {{MATLAB} Aplicado a Robótica y Mecatrónica},
	year      = {2012},
	publisher = {Alfaomega Grupo Editor},
	address   = {México, D.F.},
	isbn      = {978-607-707-357-4},
}
@online{Sensordeposición,
	author    = {POSITAL},
	title     = {Sensores de posición},
	year      = {2025},
	url       = {https://www.posital.com/media/posital_media/pictures_1/news_1/POSITAL_sensor-line.jpg},
	note      = {Accedido: 15 de febrero de 2025}
}
@online{Tacómetro,
	author    = {Aeroplans Blaus},
	title     = {Tacómetro},
	year      = {2025},
	url       = {https://www.aeroplans-blaus.com/2120-thickbox/tacometro-vdo-6000rpm.jpg},
	note      = {Accedido: 15 de febrero de 2025}
}
@online{EfectoHall,
	author    = {UNIT ELECTRONICS},
	title     = {Efecto Hall},
	year      = {2025},
	url       = {https://uelectronics.com/wp-content/uploads/2022/09/AR3363-SS49E-Sensor-Efecto-Hall-Flat-TO-92-800x800.jpg},
	note      = {Accedido: 15 de febrero de 2025}
}
@online{Aceleración,
	author    = {Geek Factory},
	title     = {Sensores de aceleración},
	year      = {2025},
	url       = {https://www.geekfactory.mx/categoria-de-producto/sensores/sensor-de-aceleracion/?srsltid=AfmBOooNFfc2HCw9Ell5Ag3QjyL7gltENK_HIVlAmcxhHQRvKsJjWNTm},
	note      = {Accedido: 15 de febrero de 2025}
}
@online{Hall,
	author    = {Electricity - Magnetism},
	title     = {¿Cómo Funciona un Sensor de Efecto Hall?},
	year      = {2025},
	url       = {https://www.electricity-magnetism.org/es/como-funciona-un-sensor-de-efecto-hall/},
	note      = {Accedido: 15 de febrero de 2025}
}
@online{Prox,
	author    = {Alberto Brunete},
	title     = {Sensores industriales},
	year      = {2025},
	url       = {https://bookdown.org/alberto_brunete/intro_automatica/sensores-industriales.html/},
	note      = {Accedido: 16 de febrero de 2025}
}
@online{EHall,
	author    = {Rodrigo Salas Moyano},
	title     = {Sensores de efecto Hall},
	year      = {2025},
	url       = {https://mecanicaparatodosblog.wordpress.com/2022/04/05/sensores-de-efecto-hall/ },
	note      = {Accedido: 16 de febrero de 2025}
}
@online{microo,
	author    = {Tosunlux},
	title     = {La guía completa del sensor de microondas},
	year      = {2023},
	url       = {https://www.tosunlux.eu/es/blog/the-complete-guide-to-microwave-sensor/},
	note      = {Accedido: 16 de febrero de 2025}
}
@online{ultrason,
	author    = {Solectro},
	title     = {¿Cómo funciona el sensor de ultrasonidos medidor de distancia? },
	year      = {2025},
	url       = {https://solectroshop.com/es/blog/como-funciona-el-sensor-de-ultrasonidos-medidor-de-distancia--n99},
	note      = {Accedido: 16 de febrero de 2025}
}
@online{Slaser,
	author    = {Wenglor},
	title     = {Tecnología de sensores láser para la medición de distancias},
	year      = {2025},
	url       = {https://www.wenglor.com/es/Tecnologia-de-sensores-laser-para-la-medicion-de-distancias/s/Technologie+von+Lasersensoren+zur+Distanzmessung?LaserdistanzsensorenBranchenLinks=%3A1&LaserdistanzsensorenBranchenRechts=%3A1&ErklrungGenauigkeitmitBerechnung=%3A1},
	note      = {Accedido: 16 de febrero de 2025}
}
@online{Svision,
	author    = {Mercè Bruned},
	title     = {Detección y medición sin contacto},
	year      = {2010},
	url       = {https://measurecontrol.com/deteccion-y-medicion-sin-contacto-parte-i/},
	note      = {Accedido: 16 de febrero de 2025}
}
@online{Galgas,
	author    = {Zemic Europe},
	title     = {¿Qué es una galga extensiométrica y qué distintos tipos de galgas extensiométricas hay?},
	year      = {2024},
	url       = {https://www.zemiceurope.com/es/galgas-extensometricas},
	note      = {Accedido: 16 de febrero de 2025}
}
@online{Efecto_Hall,
	author    = {Mario Arciga},
	title     = {¿Cómo funciona un interruptor de efecto Hall?},
	year      = {2023},
	url       = {https://es.quora.com/Cómo-funciona-un-interruptor-de-efecto-Hall},
	note      = {Accedido: 16 de febrero de 2025}
}
@online{GalgasImagen,
	author    = {Simplemente MideBien},
	title     = {Galga Extensiométrica LD20 de HBM - Mide grandes deformaciones},
	year      = {2020},
	url       = {https://midebien.com/wp-content/uploads/2019/06/galga-extensiometrica-LD20-HBM.jpg},
	note      = {Accedido: 16 de febrero de 2025}
}
@online{Piezoelectrico,
	author    = {THIDO Electrónica},
	title     = {Sensor Piezoelectrico Buzzer 15mm Arduino sensor de vibracion, golpe o sonido 0-5vdc},
	year      = {2024},
	url       = {https://www.google.com/url?sa=i&url=https%3A%2F%2Felectronicathido.com%2FdetallesProducto.php%3Fid%3DOS9xaFJkMDNVbGtxdlJYU2lON2toQT09&psig=AOvVaw26tkx4HD5ImlqTTDM8lWjH&ust=1739837009896000&source=images&cd=vfe&opi=89978449&ved=0CBQQjRxqFwoTCPjJqIq0yYsDFQAAAAAdAAAAABA3},
	note      = {Accedido: 16 de febrero de 2025}
}
@online{InterruptoresLimite,
	author    = {SDI},
	title     = {Qué son y para qué sirven los interruptores de límite},
	year      = {2022},
	url       = {https://sdindustrial.com.mx/blog/interruptores-de-limite-que-son/},
	note      = {Accedido: 16 de febrero de 2025}
}
@online{InterruptoresdeLimite,
	author    = {JINSA},
	title     = {INTERRUPTORES DE LIMITE},
	year      = {2025},
	url       = {https://www.jinsa.com.mx/15744-home_default/6ls1-interruptor-2mn19pa466pa80.jpg},
	note      = {Accedido: 16 de febrero de 2025}
}
@online{Neumático,
	author    = {HERGA},
	title     = {¿Qué es un interruptor neumático?},
	year      = {2020},
	url       = {https://www-herga-com.translate.goog/news-media/technical-blog-archive/what-is-a-pneumatic-switch-?_x_tr_sl=en&_x_tr_tl=es&_x_tr_hl=es&_x_tr_pto=rq},
	note      = {Accedido: 16 de febrero de 2025}
}
@online{InterruptorNeumático,
	author    = {Grainger México},
	title     = {Interruptor Neumático,Al 3-7/16 pulg.},
	year      = {2025},
	url       = {https://static.grainger.com/rp/s/is/image/Grainger/3UC34-A3020-1_v2?$glgmain$},
	note      = {Accedido: 16 de febrero de 2025}
}
@online{SensoresPiezoelectricos,
	author    = {Industrias GSL},
	title     = {Sensor piezoeléctrico},
	year      = {2022},
	url       = {https://industriasgsl.com/blogs/automatizacion/sensor-piezoelectrico?srsltid=AfmBOorA5sGgeIVUKlXUTtX_B63XIE7agTPzmFqJkHBuykBYL8zpc9EW},
	note      = {Accedido: 16 de febrero de 2025}
}
@online{InterruptorPiezoeléctrico,
	author    = {Langir Electrics},
	title     = {Interruptores piezoeléctricos para la limpieza de la industria médica},
	year      = {2024},
	url       = {https://ehpruexzv8r.exactdn.com/wp-content/uploads/2019/04/25mm-piezo-switches-ring-green.jpg?strip=all&lossy=1&ssl=1},
	note      = {Accedido: 16 de febrero de 2025}
}
@online{TransductorPresión,
	author    = {JM Industrial},
	title     = {¿Dónde se usan los Transductores de Presión?},
	year      = {2025},
	url       = {https://www.jmi.com.mx/donde-se-usan-los-transductores-de-presion/},
	note      = {Accedido: 16 de febrero de 2025}
}
@online{Presión,
	author    = {GRM},
	title     = {TRANSDUCTOR DE PRESIÓN INDUSTRIAL},
	year      = {2023},
	url       = {https://www.google.com/url?sa=i&url=https%3A%2F%2Fwww.grm.com.es%2Fes%2Fproducto%2Finstrumentacion%2Fpresion-instrumentacion%2Findicador-de-presion-digital%2Ftransductor-de-presion-industrial%2F&psig=AOvVaw0HjXJaYO2_aONlp3rClLWC&ust=1739857261517000&source=images&cd=vfe&opi=89978449&ved=0CBcQjhxqFwoTCJCv-ML_yYsDFQAAAAAdAAAAABAE},
	note      = {Accedido: 16 de febrero de 2025}
}
@online{Giroscopio,
	author    = {Javier Romero},
	title     = {¿Qué es un Giroscopio?},
	year      = {2022},
	url       = {https://www.geeknetic.es/Giroscopio/que-es-y-para-que-sirve},
	note      = {Accedido: 17 de febrero de 2025}
}
@online{GiroscopioImagen,
	author    = {Julián Pérez},
	title     = {Giroscopio - Qué es, importancia, definición y concepto.},
	year      = {2021},
	url       = {https://definicion.de/wp-content/uploads/2021/08/giroscopio.jpg},
}
@online{Acelerómetro,
	author    = {TME},
	title     = {¿Cómo funciona y qué hace el acelerómetro?},
	year      = {2020},
	url       = {https://www.tme.com/mx/es/news/library-articles/page/22568/Como-funciona-y-que-hace-el-acelerometro/},
}
@online{Magnetómetro,
	author    = {NCYT Amazings},
	title     = {¿Cómo funciona un magnetómetro y para qué sirve?},
	year      = {2024},
	url       = {https://noticiasdelaciencia.com/art/50898/como-funciona-un-magnetometro-y-para-que-sirve},
}
@online{LiDAR,
	author    = {Christoph Zauner},
	title     = {LiDAR},
	year      = {2023},
	url       = {https://www.md-elektronik.com/es/lidar/},
}
@online{LiDARImagen,
	author    = {Emily Loosli},
	title     = {LIDAR vs. fotogrametría: qué sensor elegir para una aplicación determinada},
	year      = {2023},
	url       = {https://www.google.com/url?sa=i&url=https%3A%2F%2Fwingtra.com%2Fes%2Fdron-fotogrametria-vs-lidar%2F&psig=AOvVaw3wcxK6pGsFx7HrGQ7N7mAX&ust=1739892905250000&source=images&cd=vfe&opi=89978449&ved=0CBcQjhxqFwoTCNjQ66iEy4sDFQAAAAAdAAAAABAJ},
}